<?xml version="1.0" encoding="UTF-8"?><record xmlns="http://www.loc.gov/MARC21/slim" xmlns:cinclude="http://apache.org/cocoon/include/1.0" xmlns:zs="http://www.loc.gov/zing/srw/">
  <leader>00478nz  a2200133n  4500</leader>
  <controlfield tag="001">n  85232467 </controlfield>
  <controlfield tag="003">DLC</controlfield>
  <controlfield tag="005">19851003150905.0</controlfield>
  <controlfield tag="008">850926n| acannaab|          |n aaa ||| b</controlfield>
  <datafield tag="010" ind1=" " ind2=" ">
    <subfield code="a">n  85232467 </subfield>
  </datafield>
  <datafield tag="040" ind1=" " ind2=" ">
    <subfield code="a">DNLM</subfield>
    <subfield code="c">DLC</subfield>
    <subfield code="d">DLC</subfield>
  </datafield>
  <datafield tag="100" ind1="1" ind2="0">
    <subfield code="a">Yashon, David,</subfield>
    <subfield code="d">1935-</subfield>
  </datafield>
  <datafield tag="670" ind1=" " ind2=" ">
    <subfield code="a">His Spinal injury, c1986:</subfield>
    <subfield code="b">CIP t.p. (David Yashon, M.D., F.A.C.S., F.R.C.S. (C); prof. of neurosurg., Ohio State Univ., Univ. Hospitals, Columbus)</subfield>
  </datafield>
  <datafield tag="670" ind1=" " ind2=" ">
    <subfield code="a">LC/NLM files, 9/23/85</subfield>
    <subfield code="b">(hdg.: Yashon, David, 1935-)</subfield>
  </datafield>
</record>